<?xml version="1.0" encoding="UTF-8"?><collection xmlns="http://www.loc.gov/MARC21/slim"><record><leader>00603nam--2200181-i-4500</leader><controlfield tag="001">000026620</controlfield><controlfield tag="002">20161230</controlfield><controlfield tag="005">20161230201036</controlfield><controlfield tag="008">060222s1000------------r-----000-0-eng-d</controlfield><datafield ind1=" " ind2=" " tag="040"><subfield code="a">IFIN-HH</subfield></datafield><datafield ind1=" " ind2=" " tag="080"><subfield code="a">535.24</subfield></datafield><datafield ind1="1" ind2=" " tag="100"><subfield code="a">Keitz, H.A.E</subfield></datafield><datafield ind1="1" ind2="0" tag="245"><subfield code="a">Light calculations and measurements</subfield><subfield code="b">An introduction to the system of quantities and units in light-technology and to photometry. foreword by holmes</subfield><subfield code="c">H.a.e. keitz</subfield></datafield><datafield ind1=" " ind2=" " tag="260"><subfield code="a">/Eindhoven Philips</subfield><subfield code="b">Cleaver Hume Press Ltd</subfield><subfield code="c">1955</subfield></datafield><datafield ind1=" " ind2=" " tag="300"><subfield code="a">XVI + 413P</subfield></datafield><datafield ind1=" " ind2=" " tag="490"><subfield code="a">Philips Technical Library</subfield></datafield><datafield ind1=" " ind2=" " tag="852"><subfield code="a">12137</subfield><subfield code="c">535</subfield></datafield><datafield ind1=" " ind2=" " tag="CAT"><subfield code="a">Sys</subfield><subfield code="c">20101018</subfield><subfield code="h">151507</subfield></datafield></record></collection>